<record><leader>00000cas a22000007a 4500</leader><controlfield tag="001">9846499</controlfield><controlfield tag="008">830825d18681919nyuwr ne      0    0eng d</controlfield><controlfield tag="009">3781</controlfield><datafield ind1=" " ind2=" " tag="010"><subfield code="a">sn 83031340 </subfield></datafield><datafield ind1=" " ind2=" " tag="040"><subfield code="a">NPU</subfield><subfield code="b">eng</subfield><subfield code="c">NPU</subfield><subfield code="d">DLC</subfield><subfield code="d">NPX</subfield><subfield code="d">NYG</subfield><subfield code="d">NYS</subfield><subfield code="d">OCLCQ</subfield></datafield><datafield ind1="1" ind2=" " tag="029"><subfield code="a">AU@</subfield><subfield code="b">000020408160</subfield></datafield><datafield ind1=" " ind2=" " tag="042"><subfield code="a">msc</subfield></datafield><datafield ind1="0" ind2="0" tag="050"><subfield code="a">Newspaper 8829-X</subfield></datafield><datafield ind1="0" ind2="0" tag="245"><subfield code="a">New-Paltz independent.</subfield></datafield><datafield ind1="3" ind2="0" tag="246"><subfield code="a">New Paltz independent</subfield></datafield><datafield ind1=" " ind2=" " tag="260"><subfield code="a">New-Paltz, Ulster County, N.Y. :</subfield><subfield code="b">Charles T. Johnson,</subfield><subfield code="c">1868-1919.</subfield></datafield><datafield ind1=" " ind2=" " tag="300"><subfield code="a">52 v. :</subfield><subfield code="b">ill. ;</subfield><subfield code="c">65-71 cm.</subfield></datafield><datafield ind1=" " ind2=" " tag="310"><subfield code="a">Weekly</subfield></datafield><datafield ind1="0" ind2=" " tag="362"><subfield code="a">Vol. 1, no. 1 (Sept. 17, 1868)-v. 52, no. 6 (June 13, 1919).</subfield></datafield><datafield ind1=" " ind2=" " tag="500"><subfield code="a">Editor: Ralph Lefevre, &lt;1876&gt;.</subfield></datafield><datafield ind1=" " ind2=" " tag="500"><subfield code="a">Publisher: Ralph Lefevre, &lt;1873-1911&gt;.</subfield></datafield><datafield ind1=" " ind2=" " tag="500"><subfield code="a">"Republican."</subfield></datafield><datafield ind1=" " ind2="4" tag="651"><subfield code="a">New Paltz (N.Y.)</subfield><subfield code="v">Newspapers.</subfield></datafield><datafield ind1=" " ind2=" " tag="752"><subfield code="a">United States</subfield><subfield code="b">New York</subfield><subfield code="c">Ulster</subfield><subfield code="d">New Paltz.</subfield></datafield><datafield ind1="0" ind2="7" tag="785"><subfield code="t">New Paltz times</subfield><subfield code="w">(DLC)sn 83031339</subfield><subfield code="w">(OCoLC)9837789</subfield></datafield><datafield ind1="0" ind2="7" tag="785"><subfield code="t">New Paltz independent and times</subfield><subfield code="w">(DLC)sn 86033367</subfield><subfield code="w">(OCoLC)14137376</subfield></datafield></record>